@book{shujujiegou,
  author = {袁凌},
  title = {数据结构（C语言微课版）——从概念到算法},
  publisher = {人民邮电出版社},
  year = {2023},
  address = {北京市丰台区成寿寺路11号},
  edition = {第1版},
  isbn = {978-7-115-59746-5},
}