% Encoding: UTF-8

@article{amabile1998kill,
  title     = {How to Kill Creativity},
  author    = {Amabile, Teresa M.},
  journal   = {Harvard Business Review},
  volume    = {76},
  number    = {5},
  pages     = {76--87},
  year      = {1998},
  publisher = {Harvard Business School Publishing},
  language  = {english}
}

@book{csikszentmihalyi1996creativity,
  title     = {Creativity: Flow and the Psychology of Discovery and Invention},
  author    = {Csikszentmihalyi, Mihaly},
  year      = {1996},
  publisher = {HarperCollins},
  address   = {New York},
  language  = {english}
}

@book{osterwalder2010business,
  title     = {Business Model Generation: A Handbook for Visionaries, Game Changers, and Challengers},
  author    = {Osterwalder, Alexander and Pigneur, Yves},
  year      = {2010},
  publisher = {John Wiley \& Sons},
  address   = {Hoboken, New Jersey},
  language  = {english}
}

@online{tencent2023report,
  title     = {腾讯年度财报及相关行业分析报告},
  author    = {{腾讯公司}},
  year      = {2023},
  url       = {https://www.tencent.com/zh-cn/investors/financial-reports.html},
  urldate   = {2024-06-15},
  language  = {chinese}
}

@Comment{jabref-meta: databaseType:bibtex;}
